<record><leader>00000cas a2200000Ia 4500</leader><controlfield tag="001">12372388</controlfield><controlfield tag="008">850810d19281951hiudr ne      0    0chird</controlfield><datafield ind1=" " ind2=" " tag="010"><subfield code="a">sn 85047202 </subfield></datafield><datafield ind1=" " ind2=" " tag="040"><subfield code="a">HUH</subfield><subfield code="b">eng</subfield><subfield code="c">HUH</subfield><subfield code="d">HWN</subfield><subfield code="d">OCLCQ</subfield><subfield code="d">OCLCF</subfield><subfield code="d">OCLCO</subfield><subfield code="d">OCL</subfield><subfield code="d">OCLCQ</subfield></datafield><datafield ind1="0" ind2=" " tag="041"><subfield code="a">chi</subfield><subfield code="a">eng</subfield></datafield><datafield ind1=" " ind2=" " tag="043"><subfield code="a">n-us-hi</subfield></datafield><datafield ind1="0" ind2="0" tag="245"><subfield code="a">United Chinese news =</subfield><subfield code="b">Zhonghua gong bao.</subfield></datafield><datafield ind1="3" ind2="1" tag="246"><subfield code="a">Zhonghua gong bao</subfield></datafield><datafield ind1=" " ind2=" " tag="260"><subfield code="a">Honolulu, T.H. :</subfield><subfield code="b">Chung Wah Cong Bo Co.</subfield></datafield><datafield ind1=" " ind2=" " tag="300"><subfield code="a">volumes :</subfield><subfield code="b">illustrations ;</subfield><subfield code="c">58 cm</subfield></datafield><datafield ind1=" " ind2=" " tag="310"><subfield code="a">Daily (except Sun.),</subfield><subfield code="b">1942-1951</subfield></datafield><datafield ind1=" " ind2=" " tag="321"><subfield code="a">Three issues per wk.,</subfield><subfield code="b">&lt;1933&gt;-1941</subfield></datafield><datafield ind1=" " ind2=" " tag="336"><subfield code="a">text</subfield><subfield code="b">txt</subfield><subfield code="2">rdacontent</subfield></datafield><datafield ind1=" " ind2=" " tag="337"><subfield code="a">unmediated</subfield><subfield code="b">n</subfield><subfield code="2">rdamedia</subfield></datafield><datafield ind1=" " ind2=" " tag="338"><subfield code="a">volume</subfield><subfield code="b">nc</subfield><subfield code="2">rdacarrier</subfield></datafield><datafield ind1="0" ind2=" " tag="362"><subfield code="a">-Di 5061 hao (June 29, 1951).</subfield></datafield><datafield ind1="1" ind2=" " tag="362"><subfield code="a">Began in 1928.</subfield><subfield code="z">Cf. Ayer, 1934.</subfield></datafield><datafield ind1=" " ind2=" " tag="500"><subfield code="a">Editors: &lt;1933&gt;-1936, Y.K. Chin; &lt;1933&gt;-1938, J.H. Chun (English editor).</subfield></datafield><datafield ind1=" " ind2=" " tag="546"><subfield code="a">In Chinese; includes section in English, 19 -Feb. 1938.</subfield></datafield><datafield ind1="0" ind2=" " tag="588"><subfield code="a">Vol. 5, no. 747 (June 24, 1933).</subfield></datafield><datafield ind1=" " ind2="0" tag="650"><subfield code="a">Chinese newspapers</subfield><subfield code="z">Hawaii.</subfield></datafield><datafield ind1=" " ind2="0" tag="650"><subfield code="a">Chinese Americans</subfield><subfield code="z">Hawaii</subfield><subfield code="v">Newspapers.</subfield></datafield><datafield ind1=" " ind2="7" tag="650"><subfield code="a">Chinese newspapers.</subfield><subfield code="2">fast</subfield><subfield code="0">(OCoLC)fst00857651</subfield></datafield><datafield ind1=" " ind2="7" tag="650"><subfield code="a">Chinese Americans.</subfield><subfield code="2">fast</subfield><subfield code="0">(OCoLC)fst00857249</subfield></datafield><datafield ind1=" " ind2="7" tag="651"><subfield code="a">Hawaii.</subfield><subfield code="2">fast</subfield><subfield code="0">(OCoLC)fst01208724</subfield></datafield><datafield ind1=" " ind2="7" tag="655"><subfield code="a">Newspapers.</subfield><subfield code="2">fast</subfield><subfield code="0">(OCoLC)fst01423814</subfield></datafield><datafield ind1="1" ind2=" " tag="700"><subfield code="a">Chin, Young K.</subfield></datafield><datafield ind1="1" ind2=" " tag="700"><subfield code="a">Chun, James H.</subfield></datafield><datafield ind1=" " ind2=" " tag="752"><subfield code="a">United States</subfield><subfield code="b">Hawaii</subfield><subfield code="c">Honolulu</subfield><subfield code="d">Honolulu.</subfield></datafield><datafield ind1="0" ind2="0" tag="785"><subfield code="t">United Chinese press</subfield><subfield code="w">(DLC)sn 85047203</subfield></datafield></record>